@article{boeing2017osmnx,
  title={OSMnx: New methods for acquiring, constructing, analyzing, and visualizing complex street networks},
  author={Boeing, Geoff},
  journal={Computers, Environment and Urban Systems},
  volume={65},
  pages={126--139},
  year={2017},
  publisher={Elsevier}
}
@inproceedings{krumm2006predestination,
  title={Predestination: Inferring destinations from partial trajectories},
  author={Krumm, John and Horvitz, Eric},
  booktitle={International Conference on Ubiquitous Computing},
  pages={243--260},
  year={2006},
  organization={Springer}
}
@article{de2015artificial,
  title={Artificial neural networks applied to taxi destination prediction},
  author={De Br{\'e}bisson, Alexandre and Simon, {\'E}tienne and Auvolat, Alex and Vincent, Pascal and Bengio, Yoshua},
  journal={arXiv preprint arXiv:1508.00021},
  year={2015}
}
@article{haklay2008openstreetmap,
  title={Openstreetmap: User-generated street maps},
  author={Haklay, Mordechai and Weber, Patrick},
  journal={Ieee Pervas Comput},
  volume={7},
  number={4},
  pages={12--18},
  year={2008},
  publisher={IEEE COMPUTER SOC}
}
@article{pedregosa2011scikit,
  title={Scikit-learn: Machine learning in Python},
  author={Pedregosa, Fabian and Varoquaux, Ga{\"e}l and Gramfort, Alexandre and Michel, Vincent and Thirion, Bertrand and Grisel, Olivier and Blondel, Mathieu and Prettenhofer, Peter and Weiss, Ron and Dubourg, Vincent and others},
  journal={Journal of machine learning research},
  volume={12},
  number={Oct},
  pages={2825--2830},
  year={2011}
}
@article{ashbrook2003using,
  title={Using GPS to learn significant locations and predict movement across multiple users},
  author={Ashbrook, Daniel and Starner, Thad},
  journal={Personal and Ubiquitous computing},
  volume={7},
  number={5},
  pages={275--286},
  year={2003},
  publisher={Springer-Verlag}
}
@article{paszke2017automatic,
  title={Automatic differentiation in pytorch},
  author={Paszke, Adam and Gross, Sam and Chintala, Soumith and Chanan, Gregory and Yang, Edward and DeVito, Zachary and Lin, Zeming and Desmaison, Alban and Antiga, Luca and Lerer, Adam},
  year={2017}
}
@article{zheng2010geolife,
  title={Geolife: A collaborative social networking service among user, location and trajectory.},
  author={Zheng, Yu and Xie, Xing and Ma, Wei-Ying},
  journal={IEEE Data Eng. Bull.},
  volume={33},
  number={2},
  pages={32--39},
  year={2010},
  publisher={Citeseer}
}
@inproceedings{zheng2008understanding,
  title={Understanding mobility based on GPS data},
  author={Zheng, Yu and Li, Quannan and Chen, Yukun and Xie, Xing and Ma, Wei-Ying},
  booktitle={Proceedings of the 10th international conference on Ubiquitous computing},
  pages={312--321},
  year={2008},
  organization={ACM}
}
@inproceedings{zheng2009mining,
  title={Mining interesting locations and travel sequences from GPS trajectories},
  author={Zheng, Yu and Zhang, Lizhu and Xie, Xing and Ma, Wei-Ying},
  booktitle={Proceedings of the 18th international conference on World wide web},
  pages={791--800},
  year={2009},
  organization={ACM}
}
@inproceedings{ester1996density,
  title={A density-based algorithm for discovering clusters in large spatial databases with noise.},
  author={Ester, Martin and Kriegel, Hans-Peter and Sander, J{\"o}rg and Xu, Xiaowei and others},
  booktitle={Kdd},
  volume={96},
  number={34},
  pages={226--231},
  year={1996}
}